@ARTICLE{Zaharia:spark,
	AUTHOR = "Matei Zaharia, Mosharaf Chowdhury, Michael J. Franklin, Scott Shenker, Ion Stoica",
	TITLE = "Spark: Cluster Computing with Working Sets",
	JOURNAL = "University of California, Berkeley"
}

@ARTICLE{Ramer:polygonal,
	AUTHOR = "U. Ramer",
	TITLE = "An iterative procedure for the polygonal approximation of plane curves",
	JOURNAL = {Computer Vision, Graphics, and Image Processing},
	VOLUME = {1},
	NUMBER = {224},
	PAGES = {256},
	YEAR = {1972}	}

@ARTICLE{Douglas:reduction,
	AUTHOR = "D. Douglas and T. Peucker",
	TITLE = "Algorithms for the Reduction of the Number of Points Required to Represent a Digitized Line or its Caricature",
	JOURNAL = {The Canadian Cartographer},
	VOLUME = {10},
	NUMBER = {2},
	PAGES = {112-122},
	MONTH = "December",
	YEAR = {1973}	}